@misc{fenioux:SSTIC2012,
  author = {Fran√ßois Contat Sarah Nataf Guillaume Valadon},
  title = {Influence des bonnes pratiques sur les incidents BGP},
  howpublished = {{\url{https://www.sstic.org/media/SSTIC2012/SSTIC-actes/influence_des_bonnes_pratiques_sur_les_incidents_b/SSTIC2012-Article-influence_des_bonnes_pratiques_sur_les_incidents_bgp-contat_valadon_nataf_2.pdf}}},
  note = {SSTIC},
  year = {2012}
}

@misc{fenioux:PeeringPlaybook,
  author = {William B. Norton},
  title = {The Internet Peering Playbook},
  howpublished = {{\url{http://drpeering.net/core/bookOutline.html}}},
  year = {2012}
}

@misc{fenioux:BCP84,
  author = {F. Baker P. Savola},
  title = {Ingress Filtering for Multihomed Networks},
  howpublished = {{\url{https://tools.ietf.org/html/bcp84}}},
  year = {2004}
}

@misc{fenioux:BGPOPSEC,
  author = {Jerome Durand Ivan Pepelnjak Gert Doering},
  title = {BGP operations and security},
  howpublished = {{\url{https://tools.ietf.org/html/draft-ietf-opsec-bgp-security}}},
  note = {Internet Draft, Internet Engineering Task Force},
  year = {2012}
}

@misc{fenioux:ANSSIBGP,
  author = {ANSSI},
  title = {Bonnes pratiques de configuration de BGP},
  howpublished = {{\url{http://www.ssi.gouv.fr/uploads/IMG/pdf/guide_configuration_BGP.pdf}}},
  year = {2013}
}

@misc{fenioux:BCP38,
  author = {P. Ferguson D. Senie},
  title = {Network Ingress Filtering: Defeating Denial of Service Attacks which employ IP Source Address Spoofing},
  howpublished = {{\url{https://tools.ietf.org/html/bcp38}}},
  year = {2000}
}